3322 5512
502 669 637 759 ITER
672 670 1010 761 SYRACUSAS
1393 679 1443 756 11

70 957 220 1067 „Illinc
239 1015 307 1026 —-
329 956 534 1050 ridendus
573 954 729 1048 mediis
766 985 875 1078 puer
912 953 1009 1044 infit
1051 955 1205 1044 amicis
1226 1009 1325 1042 —.

68 1121 297 1210 historicas
336 1121 521 1210 memori
559 1120 595 1209 si
631 1148 698 1208 res
737 1115 848 1209 bene
885 1139 1033 1206 mente
1064 1116 1233 1224 tenetis,

67 1282 328 1403 ingeniosus
365 1283 505 1371 homo
541 1277 740 1370 doctrina
777 1302 908 1402 atque
946 1302 1034 1367 arte
1071 1301 1251 1400 penates

66 1439 274 1532 defendit.
312 1445 482 1532 Frustra
519 1437 723 1563 cingebat
759 1435 970 1530 classibus
1008 1433 1163 1528 urbem

66 1603 319 1702 Marcellus,
353 1606 461 1719 Quo
498 1574 691 1725 namque
728 1602 870 1723 magis
907 1628 1142 1723 properare
1179 1595 1360 1691 iubebat

66 1793 202 1880 naves
239 1766 421 1888 vimque
458 1761 613 1852 inferre
650 1759 762 1869 urbi,
800 1787 925 1852 tanto
963 1762 1100 1851 acrius
1130 1759 1202 1850 ille

65 1952 257 2049 arreptas
294 1926 594 2016 instrumentis
632 1920 816 2015 tollebat
852 1925 899 2012 in
937 1922 1085 2030 altum,

64 2085 203 2208 longa
239 2111 289 2176 ut
323 2086 558 2210 pisciculos
595 2087 787 2209 piscator
823 2080 1036 2173 arundine
1072 2080 1300 2200 quondam

65 2249 293 2370 aequoreis
330 2248 466 2337 hamo
503 2249 643 2336 victos
682 2242 910 2368 suspendit
950 2242 1122 2335 adunco

66 2404 288 2516 fluctibus,
326 2433 456 2532 atque
493 2410 603 2497 imas
641 2438 748 2496 mox
783 2403 1098 2530 praecipitabat
1135 2408 1181 2495 in
1218 2403 1371 2495 undas.

65 2567 149 2658 Ast
188 2568 346 2659 alacres
383 2599 597 2691 magnum
633 2567 801 2658 facinus
838 2593 1037 2658 revocate
1074 2568 1292 2688 Magistri,

65 2759 171 2852 quo,
208 2727 386 2854 rapidos
424 2726 592 2821 Phoebi
632 2729 819 2852 'speculis
856 2725 1113 2851 ingentibus
1150 2757 1255 2818 usus

65 2892 112 2979 in
149 2920 283 2980 naves
321 2887 466 2980 radios
504 2914 689 2996 vertens,
727 2922 750 2978 a
788 2885 1024 2980 moenibus
1063 2889 1160 2979 altis

67 3053 203 3142 arcuit
241 3076 371 3175 atque
407 3053 518 3142 ussit
554 3048 847 3143 tremebundo
884 3051 1024 3141 milite
1060 3051 1213 3176 plenas

66 3237 198 3336 atque
236 3214 365 3302 armis
402 3241 589 3337 puppes
626 3216 798 3304 Meritis
836 3245 919 3303 nos
957 3209 1160 3304 laudibus
1198 3211 1325 3301 illum

66 3403 184 3464 nunc
211 3370 425 3465 celebrare
451 3376 584 3481 iuvet,
607 3376 794 3498 patriam
818 3399 861 3464 et
884 3371 1124 3464 defendere.
1146 3446 1155 3462 .
1246 3370 1443 3490 Quidam

65 3531 252 3626 eturba
289 3536 396 3624 haec
432 3533 538 3642 fato,
575 3533 842 3659 detorquens
880 3567 968 3645 ora,
1006 3564 1197 3626 coronae

65 3725 166 3784 cum
203 3693 380 3784 fremitu
415 3695 605 3817 longum
642 3698 820 3822 risuque
857 3699 1047 3821 iocoque
1083 3693 1277 3822 pepedit.

66 3857 263 3963 „limina
299 3858 409 3979 quin
446 3859 610 3981 potius,
648 3889 760 3982 quae
797 3857 926 3949 docta
962 3859 1221 3948 Theocritus
1258 3855 1368 3946 olim

65 4017 263 4122 incoluit,
301 4017 588 4108 scrutamur?''
611 4075 678 4085 -—
700 4016 829 4129 „Ubi
866 4051 965 4110 cum
1004 4044 1124 4110 totus
1161 4021 1209 4108 in
1245 4017 1331 4108 illis

63 4177 244 4300 pulvere
280 4180 328 4267 in
364 4177 507 4270 effuso
544 4177 805 4272 describeret
840 4181 914 4269 ille
950 4179 1123 4303 figuras,

63 4335 184 4431 urbis
224 4335 428 4429 defensor
464 4339 729 4432 transfossus
766 4342 947 4432 vulnere
982 4365 1134 4466 pectus

729 4623 779 4701 11
