3322 5512
582 688 717 778 ITER
753 686 1088 778 SYRACUSAS

144 973 401 1100 delapsique
438 977 533 1064 aevi
571 1004 776 1097 percurro
813 974 985 1066 saecula
1021 1000 1181 1066 mente.
1313 979 1315 983 ’

143 1139 284 1227 Fortis
322 1166 427 1245 eras,
464 1136 694 1242 Arethusa,
732 1135 840 1225 levis
878 1136 1101 1258 saltusque
1137 1134 1313 1259 legebas

144 1297 354 1421 nullaque
390 1320 432 1386 te
471 1298 622 1420 posuit
657 1325 796 1386 casses
835 1293 1074 1386 studiosius
1113 1327 1322 1421 unquam,

144 1482 275 1582 atque
311 1456 463 1558 eadem
500 1456 708 1548 formosa.
746 1457 841 1545 Suis
878 1479 920 1545 te
957 1455 1069 1546 vidit
1105 1460 1152 1547 in
1190 1456 1320 1549 undis

139 1616 322 1726 nudam,
358 1618 478 1708 mille
516 1615 661 1708 modis
699 1619 932 1707 iactantem
970 1615 1146 1710 brachia
1182 1644 1225 1709 et
1262 1597 1406 1741 ipsam

143 1776 293 1871 subter
331 1781 454 1902 aquis
492 1777 647 1902 rapido
684 1803 956 1900 mergentem
992 1808 1178 1902 corpora
1214 1806 1358 1889 motu3

142 1944 253 2036 vidit
290 1970 333 2036 et
369 1946 561 2052 incaluit,
598 1949 718 2036 rivus
756 1948 850 2035 sine
886 1948 1046 2036 vertice
1082 1976 1231 2070 purus,

143 2132 370 2198 —tantus
404 2137 527 2198 amor
558 2110 758 2199 vicit!—
770 2107 1088 2230 pulcherrimus
1121 2108 1334 2230 Alpheus.
1367 2113 1521 2233 Atqui,

141 2271 401 2391 coniugium
439 2299 661 2393 spernens,
699 2271 895 2373 mirum!‚
932 2266 1167 2392 taedasque
1203 2269 1383 2391 iugales,

142 2432 272 2519 anxia
308 2428 587 2553 praetrepido
624 2429 776 2557 fugisti
814 2455 991 2552 pectore
1029 2455 1262 2537 amantem,

141 2621 413 2714 quamquam
450 2616 504 2698 te,
543 2593 685 2713 specie
721 2589 871 2692 factus⁸
898 2589 1112 2712 vultuque
1137 2588 1320 2681 decorus

141 2753 352 2858 human0,
390 2749 561 2875 cupidis
599 2754 845 2873 iterumque
882 2753 1129 2873 iterumque
1166 2749 1353 2844 vocabat

141 2909 339 3004 vocibus.
378 2913 496 3002 Ante
532 2911 664 3036 pedes
702 2942 855 3001 verum
891 2936 940 3000 ut
975 2910 1228 3034 praecedere
1264 2912 1447 3036 longam

141 3071 344 3165 umbram
381 3071 531 3163 vidisti
568 3075 777 3163 currentis
815 3074 992 3196 iamque
1028 3075 1230 3182 tenentis,

141 3235 314 3324 Dianae
351 3234 518 3324 auxilio
554 3232 764 3356 gelidum,
801 3236 900 3338 hen,
937 3236 1119 3324 mutaris
1157 3237 1204 3322 in
1242 3265 1429 3343 amnem,

140 3419 182 3484 et
218 3393 348 3516 fugis.
387 3399 486 3518 Ipse
523 3421 683 3504 tamen,
720 3425 867 3485 rursus
904 3419 1098 3485 mutatus
1136 3397 1183 3484 in
1221 3426 1408 3501 amnem,

141 3587 184 3646 se
221 3558 402 3646 miscere
439 3553 521 3648 tibi
557 3581 786 3680 exoptans,
823 3580 866 3645 te
902 3585 1021 3679 pone
1059 3581 1231 3646 secutus

140 3719 318 3808 Ionium
356 3714 505 3808 subter
540 3720 701 3840 raptim
739 3747 784 3806 se
821 3719 972 3807 mersit
1008 3719 1055 3805 in
1094 3744 1268 3839 aequor.

140 3882 322 3968 Frustra.
359 3883 483 3970 Nam
520 3880 730 3999 Ortygiae
767 3879 949 3999 tetigisti
986 3902 1035 3966 ut
1071 3877 1175 3968 litus
1214 3880 1416 3986 amicum,

140 4038 321 4128 luminis
359 4041 405 4127 in
442 4037 534 4128 dias
572 4069 669 4128 oras
707 4064 750 4127 te
787 4065 1013 4159 erumpere
1049 4041 1173 4146 iuvit,

141 4198 311 4290 fontem
348 4231 455 4288 mox
492 4197 662 4288 factam.
700 4196 803 4290 Tibi
842 4230 935 4288 non
973 4230 1018 4289 se
1054 4200 1231 4290 miscuit
1268 4199 1482 4323 Alpheus

142 4390 189 4448 ac
223 4389 387 4482 purum
424 4391 476 4448 ex
514 4359 594 4448 illo
629 4357 778 4448 fundis
815 4384 920 4482 post
958 4359 1096 4450 saecla
1132 4359 1363 4482 liquorem.

804 4637 856 4723 13
