3322 5512
490 690 626 782 ITER
662 692 1000 786 SYRACUSAS

69 978 274 1069 luxuriem
312 1011 419 1070 mox
456 979 585 1068 laturi
623 1008 700 1068 sua
737 1008 918 1067 munera
954 981 1110 1102 campi.

65 1143 110 1229 In
145 1170 262 1230 mare
300 1139 512 1230 naviculis
550 1137 787 1229 intendunt
823 1141 928 1228 retia
966 1164 1140 1248 nautae,

10 1338 12 1357 =
60 1331 174 1391 nunc
209 1301 373 1392 circum
410 1299 633 1424 scopulos,
671 1330 788 1390 nunc
825 1301 987 1390 circum
1024 1298 1238 1424 frangitur
1275 1274 1374 1394 oras

57 1492 113 1550 ex
149 1460 240 1551 alto
277 1463 459 1551 veniens
497 1461 696 1583 zephyris
735 1457 1002 1582 spirantibus
1040 1459 1169 1551 unda.

54 1624 177 1712 Haec
212 1621 310 1712 loca
347 1645 460 1746 quot
496 1622 707 1710 monstris
744 1618 907 1710 finxere
943 1617 1151 1731 habitata,
1188 1649 1387 1748 ratesque
1487 1641 1492 1650 '

54 1814 190 1907 quam
228 1783 392 1872 multae
429 1781 612 1903 pelagus
650 1805 877 1870 tranarunt
915 1778 1029 1872 bella
1066 1784 1246 1874 cientes!

53 1945 95 2033 Si
133 1943 291 2067 procul
327 1943 547 2066 inspicias,
585 1971 677 2031 sese
714 1943 939 2031 incurvare
976 1941 1149 2033 videtur

51 2128 221 2228 pontus
259 2106 306 2193 in
343 2105 560 2211 extremis,
598 2101 714 2192 unde
752 2105 925 2192 aethera
963 2107 1103 2226 surgit
1139 2108 1186 2194 in
1223 2105 1361 2195 altum

53 2290 220 2355 aeratae
256 2263 404 2354 fumus
442 2265 580 2372 navis,
618 2266 696 2387 qui
733 2263 899 2353 caerula
937 2267 1092 2386 signat.
1115 2337 1156 2356 ..

53 2423 204 2544 Quid?
236 2422 393 2517 Subito
425 2421 696 2547 ingredimur
729 2421 951 2515 tenebrosi
983 2427 1030 2513 in
1060 2428 1224 2516 viscera
1252 2429 1435 2534 montis3

51 2586 187 2677 ferrea
224 2583 351 2676 raeda
386 2610 525 2692 tonat,
561 2581 762 2676 tenebras
800 2615 848 2673 ac
886 2581 1013 2676 sibila
1049 2587 1185 2709 longa

53 2771 286 2873 rumpunt;
323 2772 529 2837 tartareus
566 2744 715 2835 fumus
753 2748 841 2834 iam
879 2772 1034 2836 cuncta
1069 2745 1230 2837 favillis

53 2940 147 3000 non
186 2910 281 2998 sine
317 2904 562 3000 mobilibus
599 2906 737 3030 replet
772 2905 1006 3029 faucesque
1042 2933 1210 2998 coercet

53 3069 389 3192 lacrimulasque
425 3070 519 3158 ciet.
558 3069 708 3182 „Quin
745 3063 957 3174 clauditis,
995 3067 1148 3173 hercle,
1179 3066 1434 3158 fenestras?''

54 3231 298 3321 multorum
335 3259 465 3319 voces
504 3229 643 3352 spissa
680 3229 940 3316 minitantur
977 3225 1033 3319 ab
1071 3225 1238 3320 umbra.

54 3392 344 3483 Provehimur
363 3446 430 3456 -—
452 3385 596 3481 fauces
634 3414 683 3479 ut
719 3389 852 3479 tussis
890 3414 1067 3511 quassat
1096 3387 1268 3481 obesas!
1289 3435 1351 3446 -

55 3550 232 3646 obscuri
269 3552 475 3674 tacitique
512 3548 599 3640 diu.
637 3547 719 3640 Sed
756 3550 832 3639 lux
869 3547 979 3639 redit
1016 3550 1130 3639 alma

56 3737 187 3837 atque
223 3711 349 3834 fugat
384 3709 559 3799 fumum
596 3712 772 3835 piceum
808 3710 918 3800 levis
957 3739 1075 3818 aura3
1113 3712 1271 3799 marini

55 3874 196 3964 litoris
225 3903 281 3961 en
309 3873 468 3995 iterum
504 3895 649 3962 cautes
688 3868 962 3994 abruptaque
1001 3902 1103 3961 saxa

56 4058 315 4159 spectamus,
350 4033 615 4154 nigrumque
654 4031 800 4122 solum
836 4032 1036 4154 vitesque
1072 4029 1243 4121 feraces.

125 4195 187 4284 At
223 4195 301 4317 qui
329 4191 467 4284 dulcis
506 4190 619 4283 odor
656 4190 788 4285 nobis
825 4191 1043 4282 demulcet
1080 4215 1261 4316 apertas,

56 4385 181 4445 aurae
218 4352 423 4445 devectus
460 4350 734 4446 beneolentis
771 4352 961 4461 flamine,
998 4355 1146 4443 nares?

697 4656 701 4662 ’
735 4634 760 4714 7
