3322 5512
741 660 983 751 PVGILES

830 1021 893 1108 IV

243 1256 446 1344 Protinus
485 1253 672 1344 athletae
708 1253 850 1375 longo
887 1253 1134 1377 spoliantur
1170 1254 1334 1343 amictu

171 1442 214 1506 et
250 1412 362 1540 pede
398 1417 647 1506 consistunt
683 1411 869 1506 obversa
905 1412 1051 1505 fronte
1088 1438 1270 1504 tuentes.

172 1575 388 1701 Hispidus
427 1601 558 1701 atque
594 1601 755 1698 potens
793 1577 985 1666 humeris
1023 1574 1195 1699 lateque
1233 1599 1413 1667 torosus

173 1762 257 1828 stat
293 1737 516 1845 Paulinus;
554 1739 646 1860 agit
672 1760 954 1861 contemptor
990 1733 1178 1844 brachia,
1210 1736 1395 1859 glaucos

171 1901 431 2023 intorquens
469 1898 636 2007 oculos,
673 1895 818 1991 verbis
855 1924 898 1989 et
935 1928 1061 1988 saeva
1098 1899 1301 1988 minatur.

171 2061 232 2150 At
269 2064 469 2165 Carnem,
506 2060 627 2150 velut
663 2059 883 2165 columen,
920 2057 1044 2183 quod
1080 2056 1215 2148 fertur
1252 2057 1306 2150 ad
1344 2089 1488 2168 auras,

172 2220 329 2312 arduus
367 2224 563 2345 erigitut;
600 2223 745 2312 cervix
782 2223 952 2311 taurina
988 2222 1192 2311 tumescit

170 2407 213 2472 et
249 2384 361 2474 latus
399 2409 448 2473 ut
484 2385 626 2507 panes
663 2381 850 2491 effeetus,
887 2408 1078 2507 suntque
1114 2381 1260 2472 lacerti

169 2540 343 2635 roboris
381 2543 600 2636 adsimiles
639 2546 820 2652 truncis;
857 2570 900 2634 et
937 2546 1100 2635 murice
1136 2545 1323 2634 tinctum

170 2702 366 2828 subligat
402 2737 543 2830 usque
578 2705 720 2797 femur
756 2707 1020 2829 consttingit
1056 2734 1178 2796 crura
1215 2706 1424 2827 gigantis.

168 2869 318 2957 Aenea
355 2865 463 2957 dum
499 2863 648 2958 iubeat
684 2869 904 2958 committi
942 2864 1125 2959 buccina
1162 2895 1375 2991 pugnam,

169 3059 262 3119 non
299 3054 451 3120 movet
488 3030 583 3152 ipse
621 3027 765 3153 pedes,
802 3024 964 3120 obtutu
1000 3027 1113 3118 fixus
1150 3030 1198 3117 in
1230 3057 1335 3117 uno.

837 3267 879 3353 V

166 3501 260 3585 lam
297 3493 423 3586 datur
460 3527 554 3587 aere
592 3527 740 3588 sonus.
778 3499 915 3588 Sociis
954 3499 1142 3588 Carnem
1177 3495 1349 3602 relictis,

166 3655 311 3747 induit
348 3655 572 3750 oebalium
609 3681 803 3749 caestum
839 3657 1126 3781 mediumque
1161 3657 1295 3748 citato

166 3843 352 3943 occupat
389 3821 562 3910 incessu
599 3821 803 3943 spatium.
847 3817 1115 3910 Metuendus
1154 3820 1200 3906 in
1237 3817 1416 3906 hostem

165 3981 313 4103 vergit
344 4011 462 4070 nunc
499 3980 653 4071 oculos
691 3978 846 4072 faciem
885 3982 1107 4104 sumitque
1145 4008 1352 4093 severam;

164 4167 393 4264 tamquam
431 4143 467 4232 si
506 4165 685 4232 moneat
721 4173 777 4232 ne
814 4144 913 4265 quis
951 4141 1215 4233 contendere
1252 4175 1402 4236 secum
1523 4197 1526 4202 ·

164 4300 319 4393 audeat
355 4301 546 4411 inferior,
584 4302 737 4393 referat
775 4304 885 4426 quin
924 4302 1103 4392 vulnera
1139 4334 1325 4428 pressus.

833 4580 886 4660 10
