3322 5512
628 668 870 758 PVGILES

56 956 203 1078 Ipsius
242 978 416 1044 austero
453 953 613 1076 legitur
648 954 831 1043 victoria
869 951 1007 1042 vultu.

56 1113 193 1205 Haud
230 1146 370 1205 mora:
408 1114 627 1222 Paulinus,
664 1138 839 1236 tempus
877 1143 976 1203 cum
1015 1109 1126 1202 vidit
1164 1109 1384 1235 adaptum,

57 1277 263 1399 irrumpit
298 1277 548 1381 vehemens,
585 1275 811 1397 malasque
847 1271 1083 1396 infringere
1121 1273 1261 1362 nostri

58 1439 226 1545 nititur,
265 1463 308 1528 at
344 1435 517 1545 frustra,
555 1434 689 1527 validi
726 1467 830 1524 nam
867 1433 974 1525 dura
1011 1436 1204 1556 gigantis

58 1595 236 1689 brachia
273 1624 510 1689 conantem
546 1599 801 1722 reprimunt.
840 1600 1074 1687 Certamen
1110 1597 1246 1685 initur

56 1760 280 1867 cominus;
318 1791 374 1849 en
410 1784 531 1850 arcto
568 1759 787 1849 luctantur
824 1782 1000 1881 pectora
1038 1788 1166 1846 nexu.

129 1923 193 2009 Ex
230 1919 399 2044 laqueis
437 1920 552 2029 solvi
588 1916 766 2011 rabidus
805 1942 1071 2042 pertemptat
1107 1914 1258 2009 lberus

55 2110 218 2204 corpus
256 2106 299 2171 et
336 2079 567 2194 adversum
604 2077 811 2172 manibus
848 2079 1075 2204 propellit;
1112 2104 1156 2169 at
1192 2081 1302 2169 ictus

55 2244 220 2367 excipit
257 2244 304 2331 in
340 2240 508 2351 faciem,
545 2244 794 2364 geminatos
832 2240 1027 2364 dumque
1060 2242 1222 2331 resistit

55 2405 104 2492 in
141 2403 268 2510 latus3
305 2402 542 2493 infremuit.
581 2407 808 2494 Contusus
845 2399 1055 2511 membra,
1092 2427 1280 2492 retortos

55 2562 244 2654 flectitur
282 2563 335 2655 ad
372 2563 515 2672 funes;
552 2561 724 2656 titubat.
763 2568 952 2655 Carnera
984 2565 1162 2655 recurrit

56 2724 373 2849 impendetque
410 2752 552 2848 super.
590 2730 758 2816 Rursus
796 2750 1015 2815 certamen
1052 2727 1202 2831 initur,

57 2917 138 2976 nec
174 2889 323 2977 minor
359 2889 421 2976 ira
457 2885 573 2976 furit.
611 2884 854 2976 Tumidum
891 2885 1121 2976 defendere
1159 2885 1334 2988 vultum

56 3078 177 3137 nunc
214 3045 360 3138 studet
395 3049 636 3171 Hispanus.
675 3049 865 3164 Quoties
903 3047 1146 3139 exsolvitur
1182 3049 1309 3138 arctis

56 3205 259 3317 nexibus,
295 3211 343 3298 in
380 3239 490 3299 naso
526 3205 742 3310 labefacto
780 3209 995 3333 plectitur,
1033 3210 1173 3332 aegris

54 3370 262 3497 plectitur
298 3371 434 3494 inque
469 3372 608 3492 genis.
649 3369 913 3479 „Dextram”
952 3372 1014 3460 sic
1046 3366 1174 3462 turba
1192 3372 1440 3479 „sinistram

56 3533 216 3621 sentiat
252 3533 335 3622 iste
372 3555 505 3621 tuam.
544 3536 734 3640 Revoca,
771 3531 963 3636 Pauline,
1001 3533 1219 3654 vigorem;

54 3716 99 3782 et
136 3718 269 3816 caput
305 3723 492 3783 exosum
528 3721 780 3816 compressa
816 3718 994 3783 contere
1031 3693 1219 3817 palma!''

120 3857 235 3943 ‘Post
271 3851 349 3945 ubi
388 3850 584 3944 membra
621 3852 741 3944 videt
778 3856 919 3944 nostri
955 3852 1121 3945 detecta
1158 3856 1364 3977 gigantis,

54 4013 214 4106 efferus
254 4013 503 4137 aggreditur
538 4013 699 4105 fortem
736 4016 979 4106 Tartessius
1016 4018 1209 4125 hostem;

55 4200 99 4264 at
137 4179 326 4265 Carnera
364 4175 474 4297 vigil
511 4199 706 4266 mentem
743 4179 979 4299 praevertit
1015 4179 1214 4300 iniquam

53 4361 98 4426 et
134 4360 259 4426 cavet
295 4335 487 4427 infensas
525 4335 696 4428 deflexo
732 4365 918 4459 corpore
954 4339 1120 4463 plagas.

726 4599 776 4678 11
