3322 5512
361 1122 559 1254 nun
641 1123 1139 1304 sunncusns

130 1765 382 1887 Spectatum
401 1764 448 1851 in
464 1763 630 1854 scaenis
650 1793 784 1886 quam
806 1792 932 1852 saeve
954 1762 1305 1884 Agamemnonis
1325 1762 1442 1852 ultus

66 1919 210 2012 funera
250 1923 318 2030 sit,
354 1923 504 2013 matris
540 1919 763 2013 foedando
800 1923 976 2029 viscera,
1014 1924 1207 2028 Orestes,

65 2084 359 2205 Dirarumque
396 2084 479 2172 iras
516 2084 698 2205 positas,
736 2078 937 2174 mirabile
973 2110 1160 2187 carmen,

62 2274 188 2332 mane
227 2245 452 2363 Syracusas
490 2244 683 2367 petimus
720 2243 836 2333 laeto
872 2272 948 2332 ore
985 2267 1189 2333 vetustas.

63 2406 182 2494 Hinc
219 2432 407 2527 puerum
444 2429 653 2494 resonant
688 2434 819 2493 voces
856 2405 1069 2528 puerique
1105 2404 1301 2493 vicissim

61 2565 182 2655 illinc
220 2561 490 2689 respondent
526 2591 706 2686 prorsus
745 2566 839 2655 sine
875 2565 989 2686 lege;
1026 2565 1224 2687 magistri

61 2727 181 2816 triste
220 2726 502 2848 supercilium
539 2727 734 2834 mittunt,
772 2726 971 2847 urgentia
1009 2722 1141 2816 verba

61 2883 204 2994 obliti,
241 2883 523 3009 gaudentque
560 2885 694 2976 semel
731 2883 950 2975 colludere
987 2886 1034 2974 in
1072 2916 1203 2976 anno.

61 3043 277 3135 Fumilera
305 3036 463 3136 celeres
500 3048 694 3168 rapimur
729 3074 870 3169 prope
906 3046 1035 3135 litora
1063 3043 1189 3135 raeda

61 3231 104 3296 et
140 3203 329 3298 reboant
365 3232 524 3329 pontes
563 3237 729 3330 magno
767 3204 951 3297 stridore
987 3231 1194 3297 rotarum.

61 3371 113 3456 ln
150 3364 349 3459 Calabris
387 3366 591 3458 nondum
627 3365 798 3458 rediens
837 3397 990 3457 aurora
1016 3367 1185 3474 reluxit,

60 3528 204 3652 prima
242 3525 317 3618 sed
353 3528 521 3618 incerto
558 3529 702 3617 tenuis
740 3527 817 3616 lux
854 3527 1021 3617 lumine
1057 3525 1214 3648 fulget3

61 3687 308 3778 caeruleum
345 3686 557 3809 languent
595 3716 670 3811 per
707 3685 867 3777 sudum
905 3685 1060 3795 sidera;
1096 3714 1272 3778 montes

61 3842 255 3938 culmina
293 3848 505 3970 paulatim
543 3850 631 3937 iam
668 3846 956 3938 decrescentia
992 3873 1243 3939 monstrant

61 4032 117 4112 et,
153 4009 382 4097 matutinis
420 4008 573 4098 leviter
609 4005 884 4100 fluitantibus
923 4009 1051 4114 auris,

62 4169 178 4258 lonii
218 4167 363 4290 pelagi
399 4170 577 4292 crispari
615 4198 787 4258 summa
824 4166 1037 4258 videmus.

133 4332 211 4419 Est
247 4330 317 4419 cui
354 4325 446 4420 dira
483 4327 620 4419 fames
657 4329 804 4419 titillet
840 4330 1015 4419 viscera.
1053 4333 1215 4418 Panem

747 4591 769 4674 5
