3322 5512
494 665 630 754 ITER
666 665 1004 754 SYRACUSAS

64 968 248 1068 totaque
287 967 398 1033 terra
435 941 594 1048 madet,
630 945 774 1033 tenuis
811 944 1084 1067 Venerisque
1120 948 1304 1070 capillus

64 1106 194 1195 vestit
230 1101 400 1228 ubique
437 1104 584 1194 solum
620 1101 801 1194 foedum
838 1135 1130 1228 muscosaque
1168 1138 1281 1199 saxa.

64 1267 198 1355 Sirius
236 1263 430 1356 incendit
468 1296 570 1356 curn
606 1294 712 1354 vero
749 1296 773 1354 e
809 1266 968 1355 vertice
1005 1289 1149 1375 terras,

64 1428 217 1517 omnia
255 1422 496 1518 vorticibus
533 1423 735 1515 flammae
772 1451 970 1550 correpta
1006 1424 1212 1518 videntur

63 1589 169 1677 haec
205 1587 319 1694 loca;
356 1612 514 1677 ventus
552 1584 686 1695 abest,
724 1588 937 1677 immotus
973 1586 1139 1711 pendet
1173 1614 1215 1679 et
1253 1607 1333 1682 aer.

64 1753 160 1839 Hac
196 1750 359 1839 misero
397 1745 517 1840 bello
555 1749 678 1873 capti
708 1744 973 1872 Cecropides
1011 1748 1122 1839 olim

64 1909 176 2000 valle
213 1911 466 2000 catervatim
504 1911 683 2016 iacuere,
720 1906 923 2033 fameque
961 1911 1122 2034 sitique

64 2070 304 2195 illuvieque
341 2071 456 2160 mala
494 2067 724 2163 tradebant
760 2100 946 2194 corpora
982 2071 1084 2167 leto.

64 2233 258 2340 „Scilicet
273 2289 340 2298 -
356 2235 399 2321 in
440 2230 635 2322 medium
672 2233 734 2322 sic
770 2229 952 2354 quidam
988 2230 1144 2323 effatur
1162 2291 1254 2345 —-‚
1292 2238 1442 2361 inepta

64 2396 257 2484 carmina
292 2424 395 2484 cum
432 2393 572 2485 nollet
607 2393 800 2512 Dionysi
836 2391 1044 2482 extollere
1080 2393 1240 2504 verbis,

64 2557 150 2646 huc
186 2580 398 2646 venturus
435 2577 526 2644 erat
561 2555 751 2644 conviva
787 2552 1103 2643 Philoxenus?''
1136 2556 1205 2645 Illi

65 2717 212 2806 nullus
250 2713 499 2840 respondet.
538 2712 759 2804 Ridemus.
801 2712 978 2804 Deinde
1015 2715 1212 2836 sepulcra

65 2877 365 2968 christicolum
402 2877 486 2966 late
524 2873 698 2965 defossa
735 2877 783 2964 in
820 2877 984 2966 viscere
1024 2901 1162 2967 terrae

65 3037 182 3129 haud
213 3036 382 3163 placide
414 3038 673 3160 inspicimus
710 3037 938 3160 variasque
976 3068 1030 3127 ex
1067 3036 1221 3128 ordine
1261 3067 1442 3165 cryptas.

134 3202 255 3290 Hinc
290 3224 395 3323 post
430 3199 591 3321 egressi
628 3196 871 3288 nonnullos
907 3200 1118 3319 gramina,
1154 3201 1311 3292 vinclis

65 3358 305 3468 devinctos,
343 3361 491 3450 asinos
528 3357 732 3449 rodentes
761 3336 874 3447 forte
910 3356 1123 3450 videmus.

66 3525 243 3612 Horum
280 3521 439 3643 aliquis
477 3520 562 3610 soli
599 3520 798 3642 vergenti
835 3518 979 3609 lentus
1015 3521 1213 3613 hiantem

65 3684 223 3773 rictum
260 3683 479 3772 convertit
515 3679 756 3803 dentesque
792 3678 989 3770 ostendit
1024 3707 1197 3803 apertos

50 3869 114 3965 fut
148 3841 287 3934 ridere
324 3843 432 3933 velit
467 3839 662 3940 iucundo
700 3866 840 3931 tactus
878 3872 1039 3951 amore,

65 4007 204 4128 ipsius
244 4029 318 4094 aut
353 4005 503 4128 cupiat
538 3999 670 4091 radiis
707 3999 890 4091 illudere
927 4003 1045 4093 solis.

65 4166 191 4256 Tunc
228 4195 347 4288 puer,
385 4167 563 4286 ignarus
600 4192 778 4284 graecae
814 4162 1030 4285 latiaeque
1065 4163 1280 4287 loquelae,

65 4353 108 4417 at
144 4327 299 4416 multis
336 4327 452 4415 vitae
488 4321 618 4415 rebus
655 4321 891 4448 perdoctus
929 4347 972 4412 et
1008 4321 1126 4414 idem

728 4601 779 4686 15
