3322 5512
174 682 226 770 14
602 668 738 757 lTER
772 672 1111 764 SYRACUSAS

49 1076 53 1083 Ι
169 968 318 1068 Nunc,
355 961 585 1068 Arethusa,
622 958 789 1069 viden?‚
828 985 1054 1051 mutantur
1090 959 1250 1050 multa:
1287 957 1498 1081 puellam,

169 1126 316 1215 reiciat
352 1153 464 1246 quae
500 1151 610 1246 pura
646 1151 844 1246 procum,
882 1123 993 1211 mihi
1030 1119 1167 1230 crede,
1204 1120 1400 1244 requiras

168 1310 259 1374 tam
295 1282 421 1374 facile
457 1306 506 1372 ut
543 1279 715 1373 studeas
754 1279 962 1374 manibus
999 1283 1257 1404 contingere
1294 1280 1464 1370 lunam.

239 1441 388 1561 „Quid
416 1441 541 1534 datur
568 1445 615 1532 in
643 1442 824 1566 speculo
851 1443 1055 1566 lymphae
1083 1440 1337 1549 discernere,
1370 1438 1552 1531 doctor?

169 1610 271 1696 Fare
308 1636 388 1727 age
425 1604 522 1695 sis''.
560 1605 926 1695 Circumveniunt
963 1634 1010 1694 ac
1047 1603 1186 1693 multa
1223 1627 1434 1724 rogantes

167 1766 268 1856 laeti
306 1796 378 1854 me
414 1764 589 1890 patulae
625 1765 892 1855 comitantur
929 1762 983 1854 ad
1022 1761 1188 1856 arboris
1226 1759 1408 1855 umbras

167 1957 357 2050 cumque
394 1925 489 2016 aliis
526 1927 669 2015 ventri
706 1955 784 2015 sua
819 1922 955 2015 reddo
991 1927 1086 2014 iura
1121 1925 1302 2049 petenti.

168 2089 256 2177 Hic
291 2088 441 2211 pransi
478 2087 706 2210 loquimur
741 2083 923 2176 dicenda
960 2083 1140 2176 tacenda
1179 2085 1315 2175 soluti

167 2243 341 2368 legibus
378 2269 422 2336 et
458 2249 547 2335 iam
584 2244 842 2337 candidulos
880 2248 1013 2351 iuvat,
1051 2247 1207 2352 Aetna,
1236 2241 1381 2336 tabaci

167 2405 316 2497 fumos
353 2431 571 2497 ructantes
608 2431 753 2496 tecum
790 2430 1008 2496 certamen
1045 2407 1167 2513 inite,

167 2569 350 2690 incipiat
390 2564 595 2657 Phoebus
632 2564 782 2690 quoad
819 2564 1108 2657 defervescere
1144 2566 1278 2657 caelo

242 2732 412 2818 Rursus
450 2753 493 2816 at
529 2729 590 2816 ire
626 2725 759 2850 pedes
796 2729 982 2850 cupiunt
1018 2725 1286 2851 tandemque
1315 2724 1467 2816 refecti

166 2887 412 3011 linquimus
442 2889 675 3010 Ortygiam
712 2889 848 2976 visuri
876 2913 1014 2977 cetera
1042 2890 1202 3010 raptim

166 3045 301 3169 digna
339 3049 460 3169 prius
498 3049 609 3151 visu,
647 3077 779 3168 quam
819 3077 999 3136 saevum
1038 3045 1091 3136 ad
1128 3046 1262 3136 funus
1300 3049 1480 3137 Orestis

166 3204 454 3330 spectandum
491 3231 666 3296 revocet
701 3205 843 3327 longo
881 3237 963 3296 nos
1002 3204 1186 3299 buccina
1224 3209 1371 3328 signo,

164 3367 418 3456 Lautumias
456 3367 660 3488 petimus.
699 3369 874 3486 Ruptae
911 3390 1028 3456 stant
1065 3364 1262 3491 undique
1299 3392 1467 3475 cautes,

164 3523 282 3615 unde
318 3523 625 3614 columnarum
663 3548 893 3614 secuerunt
929 3523 1037 3616 dura
1073 3528 1242 3649 priores

164 3713 362 3807 corpora.
400 3686 513 3774 Non
550 3682 687 3774 facilis
724 3708 899 3772 vastum
936 3683 1168 3776 descensus
1205 3688 1253 3774 in
1292 3711 1488 3779 antrum.

164 3845 248 3932 Ast
285 3844 369 3945 hic,
406 3840 646 3962 parietibus
683 3845 847 3932 circum
883 3843 1244 3966 impendentibus
1284 3846 1400 3955 altiS,

163 4002 329 4093 concisi
366 4001 532 4089 montis
569 4000 759 4093 latebrae
795 3999 1048 4122 panduntur
1086 3972 1265 4127 opacae:

164 4161 303 4250 nescit
339 4182 574 4247 ventorum
611 4163 677 4250 vis
714 4162 801 4248 huc
837 4158 1114 4269 descendere3
1152 4193 1282 4254 caeco

165 4346 339 4440 semper
376 4313 589 4406 distillant
625 4351 679 4408 ex
717 4321 829 4407 antri
865 4317 1033 4409 fornice
1068 4345 1220 4440 guttae

826 4584 880 4669 14
