3322 5512
164 698 191 776 8
594 673 730 764 ITER
765 678 1104 772 SYRACUSAS

164 969 353 1058 Plurima
389 996 467 1091 per
503 962 663 1054 virides
692 965 902 1055 citrorum
939 965 1163 1088 gemmula
1200 965 1380 1058 frondes

163 1126 262 1220 alba
299 1127 447 1218 colore
485 1127 628 1231 micat,
665 1124 944 1247 volitantque
980 1123 1270 1250 opobalsama
1307 1129 1489 1236 circum;

161 1292 231 1381 his
269 1320 387 1379 nova
425 1311 564 1410 nupta
592 1287 714 1409 cupit
750 1287 869 1408 cingi
908 1282 994 1376 sibi
1031 1311 1243 1408 tempora,
1280 1287 1513 1412 quondam

161 1452 231 1541 his
260 1450 418 1538 merito
457 1446 613 1537 siculas
650 1419 863 1536 ornarunt
900 1447 1084 1535 numina
1121 1452 1265 1538 terras!
1353 1451 1359 1461 '

233 1612 353 1700 Hinc
390 1608 580 1698 Aetnam
617 1607 854 1728 incipimus
892 1632 1145 1728 surgentem
1176 1638 1349 1699 cernere
1382 1607 1542 1700 dextra.

160 1771 251 1860 Stat
288 1799 421 1858 mons
458 1764 699 1874 horrificus,
729 1763 901 1857 nebulis
939 1792 1070 1888 caput
1107 1791 1239 1892 atque
1266 1772 1465 1893 pruinis-

162 1955 400 2021 contectus.
440 1933 672 2050 „Regnum
709 1925 913 2018 Enceladi
950 1958 1186 2051 caecaeque
1214 1930 1465 2054 Cyclopum

139 2086 141 2091 ’
161 2089 318 2181 adsunt
345 2088 580 2180 fornaces!''
598 2123 665 2133 -
681 2086 906 2196 „Bombus
932 2087 1007 2180 sed
1031 2089 1179 2180 nullus
1204 2087 1259 2182 ab
1283 2091 1459 2183 antris''.
1477 2150 1542 2159 —

160 2252 386 2360 „Fulmina
423 2276 553 2342 nocte
589 2251 686 2340 Iovi
724 2274 817 2340 tota
853 2248 989 2341 iecere
1027 2275 1213 2372 tyranno

159 2414 410 2536 ignitasque
449 2414 538 2514 suis
576 2435 796 2502 cessarunt
832 2436 996 2501 vertere
1033 2441 1197 2503 massas

158 2571 438 2696 forcipibus''.
455 2629 521 2638 -
538 2574 689 2680 „Citus
713 2569 999 2694 Empedocles
1024 2574 1128 2663 hinc
1151 2604 1313 2696 magna
1332 2575 1542 2666 volutans

159 2736 294 2858 repsit
331 2736 379 2822 in
416 2735 631 2822 immanes
669 2734 859 2821 ruiturus
896 2730 1080 2854 frigidus
1118 2734 1279 2856 ignes''.
1301 2791 1370 2800 —

158 2892 383 3017 „Frigidus
422 2918 465 2982 at
500 2895 627 2984 citius
664 2894 813 3014 potuit
850 2923 895 2982 se
931 2923 1126 3016 mergere
1162 2897 1209 2983 in
1247 2893 1427 2986 undas'’.
1449 2953 1516 2962 —

105 3035 110 3046 ’
156 3058 246 3163 „Ex
282 3055 356 3143 illa
393 3079 545 3177 pastor
580 3053 879 3176 Polyphemus
917 3082 1024 3178 rupe
1061 3052 1245 3146 canebat

157 3217 305 3305 somni
342 3244 496 3338 expers
534 3215 687 3304 tacitae
724 3214 952 3305 Galateam
993 3217 1135 3307 noctis
1172 3219 1219 3305 in
1256 3214 1428 3308 umbris

157 3399 289 3498 atque
325 3371 593 3482 hortabatur,
631 3377 778 3465 vitreis
815 3375 1070 3500 glaucisque
1107 3376 1264 3468 relictis

156 3532 345 3643 sedibus
383 3559 432 3624 ut
467 3559 633 3658 peteret
669 3560 759 3623 tam
796 3537 882 3625 cari
920 3533 1039 3627 basia
1077 3537 1268 3658 sponsi'.
1290 3595 1357 3604 —

155 3697 304 3812 „Quin
342 3688 551 3818 scopulos
590 3720 769 3819 spectas,
808 3699 931 3819 queis
969 3722 1121 3820 captus
1158 3698 1326 3788 lumine
1362 3724 1407 3789 et
1444 3704 1505 3790 ira
1564 3734 1567 3740 ·

153 3858 357 3946 incensus
386 3854 553 3946 studuit
590 3887 750 3946 navem
786 3856 1052 3981 perfringere
1087 3858 1268 3979 Ulyxi?''

152 4018 240 4105 Ista
278 4039 428 4105 serunt
470 4014 588 4106 docti
625 4019 749 4138 pueri
787 4015 1043 4140 indoctique
1081 4043 1330 4140 sonantque

155 4205 497 4298 nonnumquam
534 4175 662 4265 effusi
699 4177 835 4300 pleno
872 4175 925 4266 de
961 4176 1091 4267 corde
1128 4179 1341 4268 cachinni.

152 4336 363 4442 „Felicem
401 4337 622 4465 aetatem!''
660 4338 794 4427 tacito
832 4368 1033 4428 sermone
1069 4339 1288 4459 magistet,

832 4615 858 4692 8
