3322 5512
674 688 917 778 PVGILES

726 939 821 1025 ,ΙΙ

109 1139 223 1227 Non
258 1133 414 1257 procul
450 1131 557 1226 urbe
594 1158 726 1258 patet,
764 1130 910 1226 stabili
949 1131 1214 1224 circumdata
1250 1131 1387 1239 vallo
1478 1168 1479 1172 ¹

111 1325 218 1403 area,
255 1326 390 1419 quam
426 1293 611 1386 viridem
646 1294 843 1386 fecerunt
878 1296 1090 1417 graminis
1127 1290 1299 1386 herbae.

110 1461 356 1579 Nuncupat
391 1457 505 1547 hanc
541 1453 731 1547 stadium
767 1487 925 1579 graeco
963 1454 1018 1547 de
1055 1456 1238 1546 nomine
1275 1453 1450 1575 vulgus.

110 1615 285 1708 Arduus
323 1642 388 1707 est
425 1647 569 1743 arcusa
595 1614 794 1710 trabibus
832 1641 1065 1708 contextus
1099 1617 1277 1720 acernis,

111 1810 199 1902 qua
235 1775 362 1867 datur
397 1779 631 1900 ingressus.
669 1778 861 1868 Fluitant
897 1777 1057 1867 vexilla
1093 1806 1171 1901 per
1208 1805 1346 1881 auras,

111 1970 164 2028 ex
201 1934 364 2061 quibus
401 1938 597 2030 italicum
633 1964 782 2030 ternos
820 1936 903 2031 sub
941 1938 1035 2029 sole
1071 1937 1242 2029 colores

110 2099 310 2224 explicat.
343 2103 465 2190 Haec
496 2099 706 2223 loquitur,
733 2099 925 2223 Zephyri
958 2097 1066 2190 dum
1097 2097 1277 2188 flamina
1306 2099 1486 2222 spirant:

95 2263 269 2384 „Spem
305 2291 548 2383 canamque
584 2259 746 2368 Fidem,
784 2258 1024 2351 fraternum
1061 2283 1198 2350 testor
1236 2257 1475 2349 amorem!'’

112 2420 324 2511 Caeruleo
362 2422 493 2543 signo
529 2419 815 2544 resplendens
850 2421 1015 2543 Anglia
1051 2421 1202 2543 garrit:

111 2582 356 2705 „Aequoris
384 2583 621 2706 imperium
657 2582 874 2705 populus.
904 2611 981 2673 sua
1018 2579 1157 2672 sidera
1195 2605 1413 2704 spectans,

111 2741 276 2834 detinet
312 2773 453 2865 usque
489 2741 655 2834 meus!”
693 2741 920 2835 Praedives
957 2740 1098 2835 Iberia
1136 2738 1381 2865 quondam,

110 2905 329 3028 expatiata
366 2905 433 2993 sui
469 2905 582 2994 vasti
619 2901 812 2994 confinia
849 2904 987 3026 regni,

109 3062 271 3187 gaudet
307 3089 469 3155 ovante
504 3068 635 3158 Noto
674 3060 861 3155 bicolori
893 3061 1084 3188 pandere
1117 3059 1278 3154 limbo:

110 3229 385 3348 „Nunquam
421 3225 663 3315 lucemeis
700 3224 830 3314 rutila
867 3225 935 3315 sol
972 3221 1143 3315 occidat
1178 3220 1310 3313 orisl’
1371 3198 1374 3202 i

180 3384 392 3509 Undique
428 3383 684 3476 conscendit
719 3410 895 3475 vastum
931 3385 1124 3476 clamosa
1161 3385 1383 3473 theatrum

109 3548 392 3671 excelsosque
428 3544 601 3670 gradus,
639 3545 810 3638 medios
848 3545 975 3672 plebs
1012 3570 1210 3670 occupat,
1249 3547 1386 3643 imos;

109 3740 189 3800 nec
227 3709 320 3799 sine
356 3710 643 3832 consequitur
679 3706 870 3799 discordi
908 3738 1084 3798 scamna
1121 3706 1329 3796 tumultu.

108 3867 306 3962 Herbida
343 3867 450 3960 dum
488 3866 667 3961 subiens
704 3870 933 3960 conculcat
968 3869 1168 3991 gramina
1205 3867 1368 3989 vulgus

108 4056 151 4121 et
187 4033 348 4154 premit
384 4056 427 4121 et
463 4032 687 4154 premitur,
725 4027 885 4122 cubitis
922 4025 1186 4120 contendere
1222 4025 1362 4117 discit.

108 4195 280 4281 Frustra
318 4192 553 4315 quaesieris
592 4193 803 4314 spatium3
841 4192 1025 4314 reperire
1063 4212 1258 4310 negatur.

108 4354 195 4443 Hic
230 4350 343 4478 pede
380 4378 422 4443 te
458 4353 608 4460 calcat;
645 4325 898 4476 propellens
936 4351 1010 4441 ille
1046 4352 1218 4441 resistit.

788 4629 816 4707 b
