3322 5512
501 652 638 742 ITER
674 652 1012 743 SYRACUSAS

62 945 261 1045 tempora
298 923 368 1012 cui
405 919 554 1012 infecit
591 921 668 1009 nix
706 916 864 1027 albula,
901 920 1052 1009 muttit
1086 943 1130 1009 et
1165 921 1325 1011 haeret.

130 1084 229 1204 Ipse
266 1084 411 1205 gravis
449 1083 615 1172 montis
653 1081 903 1170 minitantia
938 1080 1132 1170 culmina
1168 1083 1319 1172 miror.

58 1241 204 1332 Multa
242 1245 406 1334 etenim
442 1268 590 1333 mente
626 1243 822 1366 inquiro:
858 1239 1116 1363 frangantur
1153 1237 1311 1364 abysso

57 1433 172 1527 quae
207 1434 332 1495 caeca
368 1404 509 1496 moles
546 1400 897 1526 collidanturque
934 1399 1089 1510 boatu3

56 1565 242 1657 horrens
280 1566 358 1690 qui
394 1565 576 1688 pelagus
613 1561 889 1653 flammarum
926 1593 1128 1687 rumpere
1163 1564 1350 1656 claustra

56 1723 281 1817 interdum
317 1752 511 1835 conetur,
548 1728 711 1815 humus
749 1756 842 1849 quo
879 1755 1052 1815 summa
1088 1755 1253 1849 pavore
1392 1778 1395 1790 ι

55 1914 206 2010 pressa
243 1911 399 1978 tremat
435 1885 585 2010 gelido
622 1885 817 2009 fissoque
852 1917 876 1975 e
913 1885 1105 1977 culmine
1141 1888 1261 1978 rivus

54 2020 231 2170 igneus·
249 2046 440 2139 exundet
477 2047 797 2172 liquefactaque
833 2044 1030 2136 fluminis
1067 2047 1203 2137 instar

55 2237 161 2298 saxa
196 2206 336 2300 fluant
373 2212 502 2332 nigro
539 2187 774 2300 condentia
810 2209 1005 2330 tegmine
1041 2235 1235 2329 campos.

55 2371 142 2459 Hic
180 2371 362 2494 antiqua
398 2395 551 2495 patent
586 2372 768 2459 miserae
804 2370 989 2490 vestigia
1026 2365 1181 2459 caedis,
1280 2475 1310 2490 Ἴ,

54 2531 267 2655 Agricola
304 2556 347 2622 at
385 2531 537 2655 pulsus
574 2532 731 2654 repetit
767 2528 945 2638 deserta,
983 2529 1147 2652 ligone,

54 2689 209 2815 friguit
246 2716 294 2782 ut
331 2694 463 2800 rivus,
500 2690 667 2816 lapides
705 2689 894 2782 incidere
931 2713 1075 2798 certat,

55 2850 200 2944 indica
237 2885 331 2978 quo
369 2851 474 2944 ficus
510 2850 691 2976 figendo
728 2852 892 2943 inculta
928 2877 1100 2942 tenaces

55 3011 218 3105 radices
257 3016 449 3138 spissum
486 3039 741 3138 perrumpat
776 3010 938 3106 robore
974 3038 1153 3136 tegmen

56 3205 104 3266 ac
140 3173 292 3266 sedem
329 3177 487 3267 Bacchi
524 3173 762 3266 iucundam
798 3170 965 3267 vitibus
1004 3199 1134 3299 aptet.
1190 3288 1192 3293 Α

55 3337 174 3427 Hinc
210 3335 344 3428 laetas
381 3335 530 3428 videas
568 3361 750 3427 aetnaeo
786 3336 966 3460 pulvere
1003 3365 1166 3426 messes

55 3494 109 3588 ad
145 3499 360 3622 zephyros
398 3495 574 3606 undare,
612 3497 760 3588 solum
796 3495 985 3619 gaudere
1022 3499 1203 3587 racemis

56 3648 375 3783 arboribusque
413 3656 671 3784 umbrisque
698 3659 888 3748 virentes
926 3654 1058 3750 ubete
1094 3655 1267 3779 glebas3

54 3820 158 3913 hinc
195 3818 341 3945 lapide
377 3822 584 3943 inspicias
623 3818 789 3910 casulas
828 3849 1058 3943 pagosque
1096 3820 1287 3941 nigranti

54 4005 270 4079 exstructa
308 4012 332 4070 e
367 3978 496 4072 viridi
534 3979 733 4071 audacter
770 3981 979 4069 nictantia
1016 3978 1126 4069 silva

54 4167 185 4266 atque
223 4143 333 4231 mari
371 4139 596 4232 adsuetam
632 4137 800 4265 pubem
836 4142 1092 4264 campisque
1129 4137 1338 4230 colendis.

123 4306 217 4393 Iam
254 4326 494 4426 properant
531 4297 651 4393 urbis
688 4302 948 4392 Catanensis
986 4302 1163 4390 moenia
1199 4330 1397 4422 magnae.

728 4580 755 4669 9
