3322 5512
181 671 230 748 12
608 653 743 745 ITER
777 658 1113 751 SYRACUSAS

175 939 457 1069 procubuit?”
473 999 540 1010 -
553 947 759 1052 „Rursus
797 975 930 1068 quem
967 944 1158 1068 Arpinas
1195 940 1391 1065 repperit
1432 938 1561 1028 hirtis

176 1130 376 1228 saeptum
413 1101 602 1194 dumetis
640 1104 874 1214 tumulum,
917 1075 1146 1228 sphaeram
1187 1127 1231 1193 et
1270 1098 1562 1192 columellam

175 1290 305 1388 atque
342 1262 586 1386 cylindrum
622 1262 740 1355 haud
776 1266 964 1387 ignavos
1002 1265 1187 1387 reperire
1224 1261 1349 1355 decet
1388 1257 1514 1350 nos’'.

174 1427 241 1516 Sic
277 1427 474 1515 vocitant
509 1427 645 1548 pueri.
683 1429 850 1515 Interea
887 1422 1153 1514 admiramur
1190 1447 1234 1513 et
1273 1451 1391 1513 arces

174 1610 305 1708 atque
342 1583 480 1690 aedes,
497 1698 499 1703 Ι
517 1583 674 1675 deinde
709 1586 876 1706 ignotis
913 1616 1026 1709 quae
1064 1586 1204 1707 prisca
1240 1604 1441 1674 vetustas

173 1745 406 1870 insculpsit
441 1747 630 1868 graphio
666 1740 810 1836 verbis
847 1769 1150 1853 monumenta,
1187 1743 1424 1834 columnas

172 1943 321 2005 exesas
359 1944 480 2020 aevo,
518 1942 726 2003 nummos
764 1909 996 2036 nitidoque
1034 1909 1305 2036 stupendum
1336 2031 1341 2040 g

172 2103 227 2162 ex
263 2071 393 2163 undis
431 2075 614 2163 Veneris
653 2074 870 2194 surgentis
907 2102 1125 2162 marmore
1163 2075 1359 2194 signum.

241 2237 369 2338 Mox,
406 2234 636 2338 Arethusa,
674 2255 753 2322 tuo
789 2231 1001 2321 laetamur
1037 2234 1212 2354 gurgite
1248 2229 1368 2322 lessi.
1471 2301 1473 2307 .

170 2396 264 2482 Has
302 2391 357 2482 ad
394 2423 528 2515 aquas
566 2389 794 2515 quondam
831 2389 986 2482 divino
1023 2389 1236 2481 Pindarus
1274 2393 1373 2514 ipse

169 2555 369 2642 constitit
405 2549 568 2642 obtutu
604 2533 746 2673 neque
783 2582 854 2641 eas
892 2552 986 2641 sine
1023 2553 1217 2642 carmine
1256 2552 1376 2642 sivit.

168 2716 306 2805 Nunc
326 2743 508 2835 quoque
522 2711 702 2835 lympha
716 2709 813 2798 fluit
826 2710 1068 2834 leviterque
1088 2708 1406 2804 obmurmurat
1427 2710 1562 2803 unda.

168 2873 424 2994 Perspicuus
462 2871 580 2961 lacus
618 2895 693 2960 est.
732 2865 944 2960 Brevibus
982 2900 1212 2961 numerare
1249 2871 1437 2996 lapillos

167 3032 215 3119 in
251 3030 444 3152 lymphis
482 3029 638 3136 valeas,
674 3021 830 3119 herbas
867 3030 1092 3152 ipsasque
1112 3031 1332 3152 palustres

166 3218 350 3297 cernere,
387 3191 424 3279 si
460 3190 592 3312 piscis
629 3211 829 3311 peragrat
866 3217 943 3277 sua
978 3217 1126 3309 regna,
1164 3214 1422 3284 trementes.

166 3353 291 3438 Hora
328 3371 457 3438 vocat
493 3375 655 3468 pueros
693 3345 835 3436 media
872 3343 926 3434 ad
963 3347 1179 3438 ientacula
1217 3349 1377 3460 laetos3

165 3537 276 3630 quas
314 3503 398 3597 sibi
436 3507 625 3628 quisque
661 3504 794 3627 dapes
830 3506 1032 3594 hesterna
1069 3506 1166 3598 luce
1202 3514 1396 3632 paravit,

163 3671 362 3796 palantes
399 3673 469 3759 his
506 3669 752 3792 palmarum
788 3693 1023 3760 vescuntur
1059 3673 1107 3762 in
1144 3671 1348 3785 umbra.

165 3826 333 3920 arboris
371 3854 445 3918 aut
481 3828 655 3949 patulae
692 3824 775 3919 sub
811 3831 1006 3949 tegmine
1042 3829 1157 3922 forte
1194 3833 1419 3930 sedentes.

164 3989 249 4078 Ast
285 4018 371 4107 ego
408 3984 561 4076 defixis
590 3985 728 4075 oculis
765 3985 886 4074 velut
921 3989 1159 4082 immemor
1197 3992 1328 4086 adsto

163 4171 207 4234 te
243 4173 384 4266 prope
420 4145 696 4262 conspiciens
734 4145 921 4234 vitreum
957 4145 1011 4236 de
1048 4151 1213 4241 viscere
1249 4177 1396 4248 terrae

164 4300 434 4394 subsilientis
472 4329 609 4420 aquae
645 4303 790 4389 rivum
826 4324 1095 4428 tenuemque
1132 4339 1370 4435 papyrum,

825 4573 875 4649 12
