3322 5512
167 643 195 732 6
597 632 733 722 ITER
770 637 1108 729 SYRACUSAS

167 923 432 1048 oblongum,
469 924 592 1016 lardo
629 923 791 1016 fartum
828 929 1075 1051 pinguique
1112 928 1319 1037 tomac10,

167 1083 374 1178 dentibus
411 1087 594 1208 arripuit
631 1083 781 1177 subito
818 1086 1034 1212 elixisque
1070 1085 1273 1203 duobus,

167 1248 266 1338 ovis
304 1248 440 1335 ieiuni
479 1248 696 1337 stomachi
733 1249 936 1337 vexantia
974 1246 1095 1338 sedat
1453 1373 1456 1378 Ι

168 1407 346 1530 spicula.
385 1410 691 1531 „Consumpta
729 1438 847 1498 nunc
884 1433 1017 1531 parte,
1055 1411 1290 1500 viatica-
1311 1413 1464 1502 muttit
1484 1468 1546 1477 —

108 1626 111 1633 ·
168 1569 229 1656 mi
267 1567 448 1674 leviora;
485 1565 605 1657 sedet
640 1598 753 1690 quae
790 1569 837 1656 in
873 1594 1036 1677 ventre,
1073 1595 1139 1659 est
1175 1573 1312 1661 tutior
1348 1571 1483 1678 esca''‚

166 1728 420 1853 reclusaque
457 1730 575 1818 vitro
611 1726 777 1851 duplici
814 1728 1064 1852 lamnisque
1101 1730 1300 1854 lagoena,

168 1890 344 2011 nigrum
384 1886 585 1981 sorbillat
614 1891 777 1979 sensim
814 1888 1094 2014 calidumque
1130 1891 1363 2016 liquorem.

166 2048 360 2139 Tantum
381 2050 453 2138 alii
476 2049 730 2173 exemplum
753 2052 890 2173 pueri,
914 2053 1103 2175 impigra
1127 2049 1267 2161 turba,
1295 2078 1548 2178 sequuntur.

238 2213 362 2326 Quas
400 2242 499 2300 sum
536 2212 709 2300 visurus
747 2235 846 2301 toto
884 2236 1106 2335 spectante
1142 2215 1314 2305 theatro

165 2373 319 2494 priscis
348 2401 413 2461 res
450 2395 594 2493 gestas
631 2373 813 2493 cupiens
851 2402 1064 2481 revocare,
1101 2371 1302 2465 libellum

169 2531 332 2622 evolvo
369 2532 566 2654 carptim,
604 2528 727 2654 quod
765 2561 912 2620 currus
950 2563 1021 2621 me
1058 2535 1201 2656 quatit
1237 2565 1390 2658 usque,

166 2690 476 2815 interdumque
504 2692 616 2780 mihi
652 2688 755 2781 fessi
793 2689 1055 2782 clauduntur
1091 2694 1231 2784 ocelli.
1456 2678 1459 2683 ⁸

166 2851 247 2943 Sed
276 2851 415 2943 modo
452 2882 523 2941 me
559 2853 886 2958 conniventem,
909 2851 1061 2944 modo
1097 2853 1227 2945 docta
1263 2855 1482 2978 legentem

165 3015 369 3122 carmina,
389 3043 502 3137 quae
525 3012 789 3133 Aeschyleae
813 3011 1042 3136 quondam
1065 3016 1257 3105 cecinere
1285 3019 1548 3125 camoenae,

166 3200 278 3298 quot
314 3204 452 3264 vanae
489 3173 654 3296 species
690 3170 865 3263 ludunt!
902 3178 1025 3266 Nam
1062 3173 1204 3266 lucida
1243 3207 1375 3298 regna

165 3365 283 3424 nunc
320 3332 474 3424 videor
510 3362 748 3457 peragrare,
786 3332 1037 3458 modosque
1074 3334 1221 3426 audire
1257 3364 1427 3460 poetae,

165 3495 498 3618 caeruleumque
535 3496 667 3584 maris
695 3495 969 3618 completum
1006 3495 1194 3590 navibus
1233 3529 1398 3622 aequor

165 3687 348 3762 cernere,
386 3682 481 3745 tum
518 3685 696 3746 resonas
734 3657 892 3745 iterum
929 3659 1176 3749 cantamine
1211 3686 1370 3768 cautes,

165 3820 275 3908 olim
313 3848 406 3941 quo
443 3818 627 3907 miseros
666 3840 819 3907 nautas
858 3815 911 3908 ad
948 3815 1035 3908 fata
1072 3817 1303 3913 trahebant

165 3981 349 4069 Sirenes:
388 3975 463 4067 sed
500 4008 572 4068 eas
609 3978 770 4067 virture
807 3975 962 4067 fefellit
998 3978 1175 4100 Ulyxes!
1196 4055 1205 4071 .
1227 4054 1266 4072 ..

236 4143 328 4228 Iam
364 4135 514 4230 iubare
551 4163 707 4228 exorto
745 4163 848 4228 sunt
884 4141 1036 4229 omnia
1072 4141 1203 4261 plena
1240 4144 1413 4233 nitoris:

165 4302 269 4390 hinc
304 4299 427 4389 laeva
464 4296 612 4389 videas
650 4296 925 4421 splendentia
961 4330 1191 4408 marmora,
1228 4299 1378 4392 dextra

842 4568 869 4657 6
