3322 5512
122 723 127 734 ,
165 675 191 753 8
727 585 973 754 l'VGILES

163 946 416 1056 „Proxima”
454 950 515 1038 sic
551 948 657 1038 alter
693 948 889 1062 „mulier
911 945 1020 1070 quid
1056 947 1246 1071 porrigit
1282 946 1399 1035 illis?

165 1109 403 1231 Accipiunt
439 1138 616 1198 croceos
654 1104 820 1198 blando
857 1138 940 1232 pro
977 1136 1159 1197 munere
1195 1104 1337 1198 flores.

165 1271 339 1392 Aspice,
376 1266 483 1358 dum
519 1266 714 1390 gaudent
750 1271 861 1390 grati
899 1264 1166 1392 plebemque
1203 1267 1408 1374 salutant,

168 1427 299 1519 ardua
336 1457 558 1552 pugnaces
588 1425 771 1519 tabulati
809 1429 965 1517 limina
993 1428 1218 1550 tangunt'’.
1398 1428 1404 1435 ’

167 1593 293 1679 Dum
331 1592 520 1678 Carnera
556 1591 689 1696 venit,
726 1591 878 1712 paucis
916 1591 1152 1679 comitatus
1190 1591 1353 1695 amicis

171 1781 260 1839 vox
298 1774 427 1839 sonat
463 1780 516 1838 ex
554 1747 703 1839 medio
740 1749 914 1873 populo
950 1747 1174 1872 ferturque
1212 1777 1287 1872 per
1326 1779 1470 1839 auras:

168 1907 389 2018 „Frondea
426 1933 537 1999 serta
573 1939 728 2030 gerens
766 1911 920 2014 victor,
958 1913 1159 2016 Camera,
1196 1905 1359 1999 redibis

168 2070 330 2160 scilicet
367 2072 415 2158 in
451 2071 651 2193 patriam,
688 2071 870 2160 meritos
908 2070 1073 2160 laturus
1111 2071 1319 2176 honores,

169 2227 349 2320 dilectae
385 2255 433 2319 ut
459 2227 625 2319 ‘referas
661 2231 861 2351 genitrici
899 2255 1011 2320 serta
1047 2231 1273 2354 triumphi.

171 2390 234 2480 Te
271 2390 431 2497 solum,
469 2389 684 2480 Herculea
720 2414 763 2480 te
799 2389 987 2512 dignum
1024 2388 1152 2480 laude
1187 2391 1436 2513 putamus.''

169 2553 303 2655 Haec,
340 2547 447 2638 dum
484 2549 644 2672 vulgus
682 2575 800 2654 ovat,
837 2552 960 2640 vario
999 2581 1202 2641 sermone
1239 2576 1454 2640 seruntur.

242 2707 366 2827 Quid
404 2740 534 2814 nunc,
571 2740 647 2800 ore
685 2711 831 2815 silem,
869 2713 1020 2821 animo
1059 2714 1246 2801 Carnera
1284 2710 1482 2801 volutat?

170 2873 311 2960 Sumit
348 2869 546 2960 caeruleo
583 2895 844 2960 contextam.
872 2871 1031 2960 vellere
1068 2895 1249 2976 vestem,

170 3031 360 3156 plurima
397 3061 531 3154 quam
569 3032 715 3152 signat
752 3033 943 3152 nigranti
981 3032 1096 3121 linea
1134 3031 1231 3140 filo;

171 3217 214 3281 at
250 3191 373 3282 color
409 3216 475 3281 est
510 3191 657 3313 gilvus
695 3193 868 3300 iunctis,
906 3194 1031 3316 queis
1069 3192 1184 3283 colla
1220 3217 1429 3313 teguntur

170 3349 368 3475 partibus
406 3377 537 3476 atque
573 3383 742 3442 manus.
781 3353 950 3442 Famuli
988 3355 1077 3441 iam
1114 3353 1260 3459 lintea,
1297 3354 1442 3461 vittas,

172 3509 418 3603 ambrosios
456 3512 616 3620 latices
654 3543 734 3602 nec
771 3543 864 3602 non
901 3511 1192 3602 medicamina
1230 3536 1432 3635 portant:

171 3677 285 3763 Mox
321 3699 387 3763 est
423 3671 677 3763 certandum
715 3670 857 3763 stadio
894 3699 1113 3763 certamen
1150 3670 1293 3764 ibero:

170 3858 388 3924 convocat
424 3835 510 3924 huc
547 3864 703 3924 omnes
740 3833 964 3957 pugilator
1001 3836 1190 3958 quisque
1229 3832 1413 3925 sodales.

242 3999 308 4084 En
345 3995 551 4085 Paulinus
590 3992 721 4086 adest.
759 3997 1024 4086 Venientem
1061 3992 1291 4118 plausibus
1330 4026 1487 4086 omnes

171 4157 396 4278 excipiunt
432 4157 627 4246 comites.
667 4156 888 4246 Clamant:
927 4160 1054 4260 „Nos
1093 4157 1253 4279 aspice!
1291 4159 1498 4246 Faustum

171 4346 254 4406 nos
292 4313 374 4408 tibi
412 4345 660 4406 successum
698 4346 857 4424 rursus,
894 4315 1087 4429 Pauline,
1124 4314 1383 4406 vovemus!'’

852 4596 878 4674 8
