3308 5512
239 669 290 757 16
664 658 800 745 lTER
836 661 1174 750 SYRACUSAS

235 983 369 1077 quem
406 952 558 1041 norint
595 979 765 1055 omnes
802 945 1056 1040 cerebrosus
1093 949 1268 1072 prosilit
1305 974 1436 1073 atque

235 1112 489 1222 „Auriculas
510 1166 577 1176 —
597 1111 744 1233 inquit
763 1164 830 1196 -.
851 1183 862 1218 ‚
900 1109 1038 1215 sultis,
1075 1107 1291 1234 praebete,
1329 1109 1521 1201 sodales:

107 1285 111 1293 '
235 1273 462 1394 aeschyleo
499 1269 625 1394 digni
662 1267 834 1360 moduli
872 1295 975 1360 sunt
1011 1271 1155 1362 hercle
1191 1295 1394 1377 coturno,

235 1466 349 1559 quos
387 1430 517 1525 vobis
554 1435 638 1522 hos
676 1435 983 1554 Hermogenes
1020 1457 1193 1522 cantare
1229 1429 1433 1525 iubebo’'.

233 1597 351 1686 Tum
388 1592 572 1686 ridendo
610 1623 694 1683 usu
731 1594 906 1716 sapiens
944 1623 1037 1716 quo
1077 1593 1216 1716 pollet
1253 1618 1296 1683 et
1336 1619 1436 1699 arte,

234 1759 357 1848 inicit
394 1753 594 1847 ardorem
632 1751 811 1844 tandem
848 1783 925 1878 per
963 1777 1113 1877 aperta
1150 1752 1347 1844 rudendi.

233 1920 395 2042 Incipit
430 1919 518 2024 hic;
555 1916 753 2039 propior,
790 1945 845 2004 ne
881 1938 1008 2005 tanto
1046 1917 1090 2004 in
1131 1945 1311 2006 munere
1348 1913 1471 2025 desit,

234 2081 330 2204 ipse
366 2076 483 2168 rudit
519 2078 755 2198 cunctique
792 2075 924 2166 simul
961 2105 1127 2200 paeana
1164 2107 1375 2167 canorum

232 2238 485 2347 conficiunt,
523 2268 616 2362 quo
653 2261 766 2326 terra
803 2261 943 2326 sonat.
981 2237 1108 2327 Tunc
1144 2239 1336 2329 musicus
1376 2262 1476 2327 ante

235 2400 336 2492 illos
375 2425 495 2490 stans
532 2401 656 2521 virga
692 2422 872 2488 cantum
910 2395 1161 2487 moderatur
1197 2429 1365 2522 eosque

234 2562 393 2652 excitat
429 2584 478 2650 ut
515 2560 683 2650 varient
722 2559 895 2648 asinino
932 2583 1109 2680 gutture
1145 2589 1288 2649 voces.

235 2725 522 2846 Rumpuntur
561 2721 705 2844 pueris
744 2715 1043 2842 spectantibus
1081 2719 1155 2808 ilia
1192 2722 1293 2810 risu.

304 2885 430 2972 Hora
467 2883 565 2970 ruit.
601 2880 771 2971 Celeres
810 2877 928 2970 aliud
964 2905 1068 3002 post
1106 2911 1208 2970 saxa
1244 2883 1401 2971 theatri

234 3045 380 3132 visum
417 3073 525 3132 mox
562 3043 766 3165 petimus.
805 3042 955 3131 Gnavi
992 3038 1309 3133 descendimus.
1345 3043 1539 3133 Antrum

234 3205 306 3293 hic
343 3227 464 3326 patet
499 3199 737 3327 abruptum
774 3201 949 3325 lateque
988 3199 1219 3296 silentibus
1256 3205 1440 3309 horrens

234 3360 419 3455 umbris:
458 3363 696 3453 auriculam
733 3363 926 3483 Dionysi
946 3418 1013 3428 —
1034 3389 1100 3453 est
1134 3361 1251 3452 fama
1271 3419 1338 3429 -—
1359 3366 1527 3489 priores

149 3531 153 3538 ’
234 3521 487 3614 indiderunt
524 3554 701 3614 nomen.
741 3523 859 3613 Talis
897 3547 1051 3613 natura
1087 3523 1288 3614 locorum

233 3711 282 3775 ut
318 3683 466 3775 fornix
504 3684 629 3792 altus,
667 3686 834 3805 crepuit
870 3686 907 3774 si
944 3683 1053 3807 quid
1089 3684 1186 3775 leve
1223 3683 1382 3795 subter,

236 3869 391 3969 augeat
428 3847 527 3952 hoc,
563 3845 794 3968 longoque
831 3847 1078 3968 iterumque
1115 3848 1362 3970 iterumque
1400 3844 1540 3940 boatu

234 4004 411 4099 umbras
448 4035 526 4131 per
561 4002 726 4127 gelidas
764 4033 1029 4130 responsans
1066 4004 1260 4131 duplicet
1296 4010 1428 4098 Echo.

233 4171 347 4276 Hoc,
385 4164 549 4291 quibus
586 4163 792 4274 obstaret,
829 4165 963 4257 fertur
1001 4171 1281 4259 saevissimus
1317 4169 1391 4259 ille
1514 4195 1517 4201 ·

233 4328 462 4420 inclusisse
499 4328 601 4420 loco
638 4326 867 4419 devinctos
904 4326 1104 4421 membra
1140 4332 1303 4421 catenis
1426 4410 1428 4415 .
1540 4391 1544 4398 -

899 4605 951 4694 16
